<record><leader>00000cas a22000007a 4500</leader><controlfield tag="001">19678985</controlfield><controlfield tag="008">890508d189719uucoudn ne      0    0eng d</controlfield><datafield ind1=" " ind2=" " tag="010"><subfield code="a">sn 89052114 </subfield></datafield><datafield ind1=" " ind2=" " tag="040"><subfield code="a">CNQ</subfield><subfield code="b">eng</subfield><subfield code="c">CNQ</subfield><subfield code="d">OCLCQ</subfield></datafield><datafield ind1=" " ind2=" " tag="042"><subfield code="a">msc</subfield></datafield><datafield ind1="0" ind2="0" tag="245"><subfield code="a">Victor daily times.</subfield></datafield><datafield ind1="1" ind2="3" tag="246"><subfield code="a">Victor evening times</subfield></datafield><datafield ind1=" " ind2=" " tag="260"><subfield code="a">Victor, Colo. :</subfield><subfield code="b">Times Print. Co.</subfield></datafield><datafield ind1=" " ind2=" " tag="300"><subfield code="a">v.</subfield></datafield><datafield ind1=" " ind2=" " tag="310"><subfield code="a">Daily (except Sun.)</subfield></datafield><datafield ind1="1" ind2=" " tag="362"><subfield code="a">Began with Oct. 15, 1897 issue.</subfield></datafield><datafield ind1=" " ind2=" " tag="530"><subfield code="a">Available on microfilm from the Colorado Historical Society.</subfield></datafield><datafield ind1=" " ind2=" " tag="588"><subfield code="a">Description based on: Vol. 1, no. 225 (July 16, 1898).</subfield></datafield><datafield ind1=" " ind2=" " tag="752"><subfield code="a">United States</subfield><subfield code="b">Colorado</subfield><subfield code="c">Teller</subfield><subfield code="d">Victor.</subfield></datafield></record>